%% This BibTeX bibliography file was created using BibDesk.
%% http://bibdesk.sourceforge.net/


%% Created for Lauro Cesar Araujo at 2015-04-27 19:43:45 -0300 
%% Saved with string encoding Unicode (UTF-8) 

%https://insights.stackoverflow.com/survey/2019#technology

%https://pt.slideshare.net/mongodb/mongodb-world-2019-polyglot-persistence-with-mongodb-what-you-need-to-know-to-make-it-happen


@electronic{views-materializadas,
 author = {Danielle Monteiro},
 title = {Views Materializadas no MongoDB? Sim, é possível!!!},
 url = {http://db4beginners.com/blog/views-materializadas/},
 Urlaccessdate = {02 nov 2019},
 Year = {2019}
}

@electronic{mongopolyglot,
 author = {Danielle Monteiro},
 title = {Polyglot Persistence with MongoDB: What You Need to Know to Make it Happen},
 url = {https://pt.slideshare.net/mongodb/mongodb-world-2019-polyglot-persistence-with-mongodb-what-you-need-   to-know-to-make-it-happen},
 Urlaccessdate = {01 nov 2019},
 Year = {2019}
}

@electronic{mongodocs,
 author = {MongoDB},
 title = {Data Model Design},
 url = {https://docs.mongodb.com/manual/core/data-model-design/},
 Urlaccessdate = {01 nov 2019},
 Year = {2019}
}

@electronic{MFnosql,
 author = {Martin Fowler},
 title = {Polyglot Persistence},
 url = {https://martinfowler.com/articles/nosql-intro-original.pdf},
 Urlaccessdate = {30 out 2019},
 Year = {2011}
}

@electronic{MFpolyglot,
 author = {Martin Fowler},
 title = {The Future is: Polyglot Persistence},
 url = {https://martinfowler.com/bliki/PolyglotPersistence.html},
 Urlaccessdate = {01 nov 2019},
 Year = {2012}
}

@electronic{graphoperator,
 author = {Charles Sarrazin},
 title = {Graph Operations with MongoDB},
 url = {https://pt.slideshare.net/mongodb/webinar-working-with-graph-data-in-mongodb},
 Urlaccessdate = {01 nov 2019},
 Year = {2017}
}

@electronic{DMleftJoin,
 author = {Danielle Monteiro},
 title = {LEFT JOIN no MongoDB, não é magia… É Aggregation Framework!!!},
 url = {http://db4beginners.com/blog/join-no-mongodb/},
 Urlaccessdate = {02 nov 2019},
 Year = {2019}
}

@electronic{neo4jMongo,
 author = {Neo4j},
 title = {Neo4j and MongoDB},
 url = {https://neo4j.com/developer/mongodb/},
 Urlaccessdate = {31 out 2019},
 Year = {2019}
}